@book{PrSh,
   author = "Ф. Препарата, М. Шеймос",
   title = "Вычислительная геометрия: введение",
   publisher = "Мир",
   year = 1989,
   address = "М.",
   language = "russian"
}
@book{SAR,
   author = "Напольских М.Л.",
   title = "Наставление по организации и проведению
поисково-спасательных работ в труднодоступной местности",
   language = "russian"
}
@book{AHU,
   author = "А. Ахо, Дж. Хопкрофт, Дж. Ульман",
   title = "Построение и анализ вычислительных алгоритмов",
   publisher = "Мир",
   address = "М.",
   year = "1979",
   language = "russian"
}

@inproceedings{GRID1,
   author              = {David W. Payton and 
                          Thomas E. Bihari},
   title               = {Intelligent Real-Time Control of Robotic Vehicles.},
   journal             = {Commun. ACM},
   year                = {1991},
   pages               = {49-63},
   ee                  = {http://doi.acm.org/10.1145/108515.108527},
}

@inproceedings{GRID2,
   author              = {Cengiz Ekin},
   title               = {Efficient Grid Based Techniques for Solving the Weighted Region Least Cost Path Problem on Multicomputers},
   year                = {1992},
}

@inproceedings{GRID3,
   author = "David {Ferguson } and Anthony (Tony) Stentz",
   title = "Field D*: An Interpolation-based Path Planner and Replanner",
   booktitle = "Proceedings of the International Symposium on Robotics Research (ISRR)",
   month = "October",
   year = "2005",
} 

@inproceedings{PATHNET,
   author = "Cristian S. Mata, Joseph S. B. Mitchell",
   title = "A New Algorithm for Computing Shortest Paths in
Weighted Planar Subdivisions",
   year = "1990",
} 

@article{STAINER1,
 author = {Sun, Zheng and Reif, John H.},
 title = {On Finding Approximate Optimal Paths in Weighted Regions},
 journal = {J. Algorithms},
 issue_date = {January 2006},
 volume = {58},
 year = {2006},
 issn = {0196-6774},
 pages = {1--32},
 numpages = {32},
 publisher = {Academic Press, Inc.},
}
 
@article{SNELL,
 author = {Rowe, Neil C. and Richbourg, R. F.},
 title = {An Efficient Snell's Law Method for Optimal-path Planning Across Multipole Two-dimensional, Irregular, Homogeneous-cost Regions},
 journal = {Int. J. Rob. Res.},
 issue_date = {Dec. 1990},
 volume = {9},
 year = {1990},
 issn = {0278-3649},
 pages = {48--66},
 numpages = {19},
 publisher = {Sage Publications, Inc.},
 address = {Thousand Oaks, CA, USA},
} 

@inproceedings{STAINER2,
 author = {Aleksandrov, Lyudmil and Maheshwari, Anil and Sack, J\"{o}rg-R\"{u}diger},
 title = {Approximation Algorithms for Geometric Shortest Path Problems},
 booktitle = {Proceedings of the Thirty-second Annual ACM Symposium on Theory of Computing},
 year = {2000},
 isbn = {1-58113-184-4},
 location = {Portland, Oregon, USA},
 pages = {286--295},
 numpages = {10},
 publisher = {ACM},
} 

@masterthesis{NGRID,
   author = "А. Ковалев",
   title = "Массовая задача определения кратчайшего расстояния до многоугольников на плоскости",
   school = "СПбГУ ИТМО",
   year = 2004,
   language = "russian"
}

@article{MarNav,
   author = "Christopher M. Gold",
   title = "The use of the Dynamic Voronoi Data Structure in Autonomous Marine Navigation.",
   pages = "217--220",
   year = "1998",
   journal = "29th International Symposium on Robotics",

   language = "english"
}
@article{CGinGIS,
   author = "L. De Floriani, P. Magillo, E. Puppo",
   title = "Applications of Computational Geometry to Geographic Information Systems",
   year = "1999",
   journal = "Elsevier Science",
   pages = "333--388",
   language = "english"
}
@book{DnCG,
   author = "J. O’Rourke",
   title = "Handbook of Discrete and Computational Geometry",
   publisher = "CRC Press",
   year = "1997",
   editor = "J.E. Goodman and J. O’Rourke",
   language = "english"
}
@article{WRPU,
   author = "Jean-Lou De Carufel, Carsten Grimm",
   title = "Unsolvability of the Weighted Region Shortest Path Problem",
   year = 2012,
   journal = "Elsevier",
   language = "english"
}
@INPROCEEDINGS{SQT,
    author = "Michael T. Goodrich and Jonathan Z. Sun",
    title = "The skip quadtree: a simple dynamic data structure for multidimensional data",
    booktitle = "In Proc. 21st ACM Symposium on Computational Geometry",
    year = "2005",
    pages = "296--305",
    publisher = "ACM",
    language = "english"
}
@INPROCEEDINGS{FANN,
    author = {Marius Muja and David G. Lowe},
    title = {Fast approximate nearest neighbors with automatic algorithm configuration},
    booktitle = {In VISAPP International Conference on Computer Vision Theory and Applications},
    year = {2009},
    pages = {331--340},
   language = "english"
}
@article{CGAL,
   title = "CGAL: User and reference manual. Release 3.9",
   year = 2011,
   month = 09,
   language = "english"
}
@INPROCEEDINGS{SVD,
    author = {Menelaos I. Karavelas},
    title = {A robust and efficient implementation for the segment Voronoi diagram},
    booktitle = {Proc. 1 st Int. Symp. on Voronoi Diagrams in Science and Engineering},
    year = {2004},
    pages = {51--62},
   language = "english"
}
@inbook{LENV,
   author = {Matousek, Jiri},
   title = {Lectures on Discrete Geometry},
   year = {2002},
   chapter = "7",
   isbn = {0387953744},
   publisher = {Springer-Verlag New York, Inc.},
   address = {Secaucus, NJ, USA},
   language = "english"
} 

@book{AVOR,
   title={Approximating Generalized Voronoi Diagrams in Any Dimension},
   author={J. Vleugels},
   series={Department of Computer Science, Utrecht University},
   year={1995},
   language = "english"
}

@article{ROBUS,
   author = {Kettner, Lutz and Mehlhorn, Kurt and Pion, Sylvain and Schirra, Stefan and Yap, Chee},
   title = {Classroom examples of robustness problems in geometric computations},
   journal = {Comput. Geom. Theory Appl.},
   issue_date = {May, 2008},
   volume = {40},
   number = {1},
   month = "may",
   year = {2008},
   pages = {61--78},
   numpages = {18},
   publisher = {Elsevier Science Publishers B. V.},
   language = "english"
} 

@ARTICLE{APREC,
   author = {Jonathan Richard Shewchuk},
   title = {Adaptive Precision Floating-Point Arithmetic and Fast Robust Geometric Predicates},
   journal = {Discrete and Computational Geometry},
   year = {1996},
   volume = {18},
   pages = {305--363},
   language = "english"
}